%% This BibTeX bibliography file was created using BibDesk.
%% http://bibdesk.sourceforge.net/


%% Created for Tore Sandbakk at 2009-12-14 15:51:32 +0100 


%% Saved with string encoding Unicode (UTF-8) 



@manual{hydrofon,
	Address = {Danmark},
	Date-Added = {2009-12-14 15:50:04 +0100},
	Date-Modified = {2009-12-14 15:50:57 +0100},
	Organization = {{Br{\"u}el \& Kj{\ae}r}},
	Title = {Product Data: Hydrophones - Type 8103, 8104, 8105 and 8106},
	Year = {2009}}

@book{Proakis:2006fk,
	Author = {John Proakis and Manolakis, Dimitris},
	Date-Added = {2009-12-14 14:42:14 +0100},
	Date-Modified = {2009-12-14 14:42:14 +0100},
	Isbn = {0131873741},
	Publisher = {{Prentice Hall}},
	Title = {Digital Signal Processing (4th Edition)},
	Year = {2006}}

@manual{calibrator,
	Address = {Danmark},
	Address: = {Danmark},
	Date-Added = {2009-12-13 15:51:58 +0100},
	Date-Modified = {2009-12-14 15:51:19 +0100},
	Organization = {{Br{\"u}el \& Kj{\ae}r}},
	Title = {Product Data: Hydrophone Calibrator - Type 4223},
	Year = {2009},
	Bdsk-Url-1 = {http://www.bksv.com/doc/bp1024.pdf}}

@manual{ladnforsterker,
	Address = {Danmark},
	Date-Added = {2009-12-13 15:47:55 +0100},
	Date-Modified = {2009-12-14 15:51:32 +0100},
	Lastchecked = {13.12.2009},
	Month = {desember},
	Organization = {{Br{\"u}el \& Kj{\ae}r}},
	Title = {Product Data: Charge Amplifier - Type 2635},
	Url = {http://www.bksv.com/doc/bp0099.pdf},
	Urldate = {13.12.2009},
	Year = {2009},
	Bdsk-Url-1 = {http://www.bksv.com/doc/bp0099.pdf}}

@webpage{sonorex,
	Date-Added = {2009-12-11 17:32:20 +0100},
	Date-Modified = {2009-12-12 12:58:35 +0100},
	Lastchecked = {12.12.2009},
	Month = {desember},
	Title = {{S}onorex {L}onglife {RK} 255 {H}},
	Url = {http://www.schalltec.de/rk255h1.pdf},
	Year = {2009},
	Bdsk-Url-1 = {http://www.schalltec.de/rk255h1.pdf}}

@book{citeulike:4412590,
	Address = {New York},
	Author = {Raichel, Daniel},
	Edition = {2nd},
	Howpublished = {Hardcover},
	Isbn = {0387260625},
	Month = {January},
	Publisher = {Springer},
	Title = {The Science and Applications of Acoustics},
	Year = {2006}}

@article{biofilmfigur,
	Author = {D. Monroe},
	Date-Added = {2009-12-10 18:22:30 +0100},
	Date-Modified = {2009-12-10 18:24:35 +0100},
	Journal = {Public Library of Science Biology},
	Number = {11},
	Title = {Looking for Chinks in the Armor of Bacterial Biofilms},
	Volume = {5},
	Year = {2007}}

@article{kavitasjon,
	Author = {J. {\v S}poner},
	Date-Added = {2009-12-10 14:59:38 +0100},
	Date-Modified = {2009-12-10 15:03:12 +0100},
	Journal = {Czechoslovak Journal of Physics},
	Month = {oktober},
	Number = {10},
	Pages = {1123-1132},
	Title = {Dependence of the cavitation threshold on the ultrasonic frequency},
	Volume = {40},
	Year = {1990}}

@article{infection,
	Author = {J. Del Pozo and R. Patel},
	Date-Added = {2009-12-10 14:54:41 +0100},
	Date-Modified = {2009-12-10 14:57:55 +0100},
	Journal = {New England Journal of Medicine},
	Month = {august},
	Number = {8},
	Pages = {787-794},
	Title = {Infection Associated with Prosthetic Joints},
	Volume = {361},
	Year = {2009}}

@book{biofilm2,
	Address = {New Delhi},
	Author = {R. Singh},
	Date-Added = {2009-12-10 14:53:49 +0100},
	Date-Modified = {2009-12-10 15:54:42 +0100},
	Publisher = {{Sarup \& Sons}},
	Title = {Dictionary of Biotechnology},
	Year = {2001}}

@book{biofilm,
	Address = {Geneve},
	Author = {J. Bartram},
	Date-Added = {2009-12-10 14:52:23 +0100},
	Date-Modified = {2009-12-10 14:53:19 +0100},
	Publisher = {World Health Organization},
	Title = {Legionella and the prevention of legionellosis},
	Year = {2007}}

@article{ultraprotese,
	Author = {T. Monsen and E. L{\"o}vgren and M. Widerstr{\"o}m and L. Wallinder},
	Date-Added = {2009-12-10 14:43:04 +0100},
	Date-Modified = {2009-12-10 14:58:25 +0100},
	Journal = {Journal of Clinical Microbiology},
	Month = {august},
	Number = {8},
	Pages = {2496-2501},
	Title = {In Vitro Effect of Ultrasound on Bacteria and Suggested Protocol for Sonication and Diagnosis of Prosthetic Infections},
	Volume = {47},
	Year = {2009}}

@article{10.1371/journal.pbio.0050307,
	Abstract = {
        <p>Researchers are exploring various ways to control the stubborn biofilms that bacteria form on medical devices and in many persistent infections. </p>
      },
	Author = {Monroe, Don},
	Date-Added = {2009-12-10 14:15:10 +0100},
	Date-Modified = {2009-12-10 14:15:10 +0100},
	Doi = {10.1371/journal.pbio.0050307},
	Journal = {PLoS Biol},
	Month = {11},
	Number = {11},
	Pages = {e307},
	Publisher = {Public Library of Science},
	Title = {Looking for Chinks in the Armor of Bacterial Biofilms},
	Url = {http://dx.doi.org/10.1371%2Fjournal.pbio.0050307},
	Volume = {5},
	Year = {2007},
	Bdsk-Url-1 = {http://dx.doi.org/10.1371/journal.pbio.0050307}}

@book{Kinsler:2000rc,
	Address = {New York},
	Author = {Lawrence E. Kinsler and Austin R. Frey and Alan B. Coppens and Jmes V. Sanders},
	Call-Number = {QC243},
	Date-Added = {2009-11-18 10:47:50 +0100},
	Date-Modified = {2009-11-18 10:52:51 +0100},
	Dewey-Call-Number = {534},
	Edition = {4th ed},
	Genre = {Sound-waves},
	Isbn = {0471847895 (acid-free paper)},
	Library-Id = {99049667},
	Publisher = {Wiley},
	Title = {Fundamentals of acoustics},
	Url = {http://www.loc.gov/catdir/description/wiley031/99049667.html},
	Year = {2000},
	Bdsk-Url-1 = {http://www.loc.gov/catdir/description/wiley031/99049667.html}}
